<record xmlns="http://www.loc.gov/MARC21/slim" xmlns:xsi="http://www.w3.org/2001/XMLSchema-instance" xsi:schemaLocation="http://www.loc.gov/MARC21/slim http://www.loc.gov/standards/marcxml/schema/MARC21slim.xsd"><leader>     nam a22        4500</leader><controlfield tag="001">3077316</controlfield><controlfield tag="003">NNC</controlfield><controlfield tag="006">m        d        </controlfield><controlfield tag="007">cr cn |||m|||a</controlfield><controlfield tag="008">150318s1960    iq a   jo     000 0 arard</controlfield><datafield ind1=" " ind2=" " tag="040"><subfield code="a">NNU</subfield><subfield code="b">eng</subfield><subfield code="e">rda</subfield><subfield code="c">NNU</subfield></datafield><datafield ind1=" " ind2="4" tag="050"><subfield code="a">Q163</subfield><subfield code="b">B6312 1960</subfield></datafield><datafield ind1="1" ind2=" " tag="100"><subfield code="a">Bischof, George P.</subfield></datafield><datafield ind1="1" ind2="0" tag="240"><subfield code="a">Sun, earth, and man.</subfield><subfield code="l">Arabic</subfield></datafield><datafield ind1="1" ind2="3" tag="245"><subfield code="6">880-01</subfield><subfield code="a">al-Shams wa al-Ard&#803; wa al-Insa&#772;n /</subfield><subfield code="c">Ju&#772;rj wa-Aui&#772;na&#772;ys Bi&#772;shu&#772;f.</subfield></datafield><datafield ind1=" " ind2=" " tag="260"><subfield code="6">880-02</subfield><subfield code="a">Baghda&#772;d :</subfield><subfield code="b">Da&#772;r al-Kashsha&#772;f,</subfield><subfield code="c">[1960?]</subfield></datafield><datafield ind1=" " ind2=" " tag="300"><subfield code="a">online resource (145 pages) :</subfield><subfield code="b">illustrations</subfield></datafield><datafield ind1=" " ind2=" " tag="336"><subfield code="a">text</subfield><subfield code="2">rdacontent</subfield></datafield><datafield ind1=" " ind2=" " tag="337"><subfield code="a">computer</subfield><subfield code="2">rdamedia</subfield></datafield><datafield ind1=" " ind2=" " tag="338"><subfield code="a">online resource</subfield><subfield code="2">rdacarrier</subfield></datafield><datafield ind1=" " ind2=" " tag="500"><subfield code="a">Part of the Arabic Collections Online (ACO) project, contributed by Columbia University Libraries.</subfield></datafield><datafield ind1=" " ind2=" " tag="533"><subfield code="a">Electronic reproduction.</subfield><subfield code="b">New York, N.Y. :</subfield><subfield code="c">New York University,</subfield><subfield code="d">2015.</subfield><subfield code="5">NNU</subfield></datafield><datafield ind1=" " ind2="0" tag="650"><subfield code="a">Science</subfield><subfield code="v">Juvenile literature.</subfield></datafield><datafield ind1=" " ind2="0" tag="650"><subfield code="a">Human beings.</subfield></datafield><datafield ind1=" " ind2="7" tag="650"><subfield code="a">Human beings.</subfield><subfield code="2">fast</subfield><subfield code="0">(OCoLC)fst00962832</subfield></datafield><datafield ind1=" " ind2="7" tag="650"><subfield code="a">Science.</subfield><subfield code="2">fast</subfield><subfield code="0">(OCoLC)fst01108176</subfield></datafield><datafield ind1=" " ind2="7" tag="655"><subfield code="a">Juvenile works.</subfield><subfield code="2">fast</subfield><subfield code="0">(OCoLC)fst01411637</subfield></datafield><datafield ind1="1" ind2=" " tag="700"><subfield code="a">Bischof, E. S.</subfield><subfield code="q">(Eunice Shaughnessy),</subfield><subfield code="d">1905-</subfield></datafield><datafield ind1="1" ind2=" " tag="700"><subfield code="6">880-03</subfield><subfield code="a">Khali&#772;l, Ah&#803;mad.</subfield></datafield><datafield ind1="2" ind2=" " tag="710"><subfield code="a">Columbia University.</subfield><subfield code="b">Libraries.</subfield></datafield><datafield ind1="0" ind2=" " tag="730"><subfield code="a">Arabic Collections Online.</subfield></datafield><datafield ind1="0" ind2="8" tag="776"><subfield code="i">Print version:</subfield><subfield code="a">Bischof, George P.</subfield><subfield code="t">al-Shams wa al-Ard&#803; wa al-Insa&#772;n</subfield><subfield code="w">(NNC)3077316</subfield><subfield code="w">(OCoLC)23209156</subfield></datafield><datafield ind1="4" ind2="0" tag="856"><subfield code="u">http://hdl.handle.net/2333.1/xwdbrxdm</subfield></datafield><datafield ind1="1" ind2="2" tag="880"><subfield code="6">245-01</subfield><subfield code="a">&#1575;&#1604;&#1588;&#1605;&#1587; &#1608; &#1575;&#1604;&#1575;&#1585;&#1590; &#1608; &#1575;&#1604;&#1575;&#1606;&#1587;&#1575;&#1606; /</subfield><subfield code="c">&#1580;&#1608;&#1585;&#1580; &#1608;&#1610;&#1606;&#1575;&#1610;&#1587; &#1576;&#1610;&#1588;&#1608;&#1601;.</subfield></datafield><datafield ind1=" " ind2=" " tag="880"><subfield code="6">260-02</subfield><subfield code="a">&#1576;&#1594;&#1583;&#1575;&#1583; :</subfield><subfield code="b">&#1583;&#1575;&#1585; &#1575;&#1604;&#1603;&#1588;&#1575;&#1601;&#1548;</subfield><subfield code="c">[1960&#1567;]</subfield></datafield><datafield ind1="1" ind2=" " tag="880"><subfield code="6">700-03</subfield><subfield code="a">&#1582;&#1604;&#1610;&#1604;&#1548; &#1575;&#1581;&#1605;&#1583;.</subfield></datafield><datafield ind1=" " ind2=" " tag="959"><subfield code="a">NNU</subfield><subfield code="b">WEB</subfield><subfield code="c">GENI</subfield><subfield code="t">0</subfield><subfield code="m">Electronic access</subfield><subfield code="s">01</subfield></datafield><datafield ind1=" " ind2=" " tag="999"><subfield code="i">NNC_3077316</subfield><subfield code="o">(OCoLC)ocm23209156</subfield><subfield code="e">(ERROR-880)</subfield><subfield code="s">columbia_aco000209</subfield></datafield></record>